@inproceedings{Stoenescu:2018:DPP:3230543.3230548,
 author = {Stoenescu, Radu and Dumitrescu, Dragos and Popovici, Matei and Negreanu, Lorina and Raiciu, Costin},
 title = {Debugging P4 Programs with Vera},
 booktitle = {Proceedings of the 2018 Conference of the ACM Special Interest Group on Data Communication},
 series = {SIGCOMM '18},
 year = {2018},
 isbn = {978-1-4503-5567-4},
 location = {Budapest, Hungary},
 pages = {518--532},
 numpages = {15},
 url = {http://doi.acm.org/10.1145/3230543.3230548},
 doi = {10.1145/3230543.3230548},
 acmid = {3230548},
 publisher = {ACM},
 address = {New York, NY, USA},
} 

@inproceedings{Liu:2018:PPV:3230543.3230582,
 author = {Liu, Jed and Hallahan, William and Schlesinger, Cole and Sharif, Milad and Lee, Jeongkeun and Soul{\'e}, Robert and Wang, Han and Ca\c{s}caval, C\u{a}lin and McKeown, Nick and Foster, Nate},
 title = {P4V: Practical Verification for Programmable Data Planes},
 booktitle = {Proceedings of the 2018 Conference of the ACM Special Interest Group on Data Communication},
 series = {SIGCOMM '18},
 year = {2018},
 isbn = {978-1-4503-5567-4},
 location = {Budapest, Hungary},
 pages = {490--503},
 numpages = {14},
 url = {http://doi.acm.org/10.1145/3230543.3230582},
 doi = {10.1145/3230543.3230582},
 acmid = {3230582},
 publisher = {ACM},
 address = {New York, NY, USA},
 keywords = {P4, programmable data planes, verification},
} 

@inproceedings{Freire:2018:UBP:3185467.3185499,
 author = {Freire, Lucas and Neves, Miguel and Leal, Lucas and Levchenko, Kirill and Schaeffer-Filho, Alberto and Barcellos, Marinho},
 title = {Uncovering Bugs in P4 Programs with Assertion-based Verification},
 booktitle = {Proceedings of the Symposium on SDN Research},
 series = {SOSR '18},
 year = {2018},
 isbn = {978-1-4503-5664-0},
 location = {Los Angeles, CA, USA},
 pages = {4:1--4:7},
 articleno = {4},
 numpages = {7},
 url = {http://doi.acm.org/10.1145/3185467.3185499},
 doi = {10.1145/3185467.3185499},
 acmid = {3185499},
 publisher = {ACM},
 address = {New York, NY, USA},
 keywords = {P4, Programmable Data Planes, Verification},
} 

@inproceedings{Neves:2018:VPP:3281411.3281421,
 author = {Neves, Miguel and Freire, Lucas and Schaeffer-Filho, Alberto and Barcellos, Marinho},
 title = {Verification of P4 Programs in Feasible Time Using Assertions},
 booktitle = {Proceedings of the 14th International Conference on Emerging Networking EXperiments and Technologies},
 series = {CoNEXT '18},
 year = {2018},
 isbn = {978-1-4503-6080-7},
 location = {Heraklion, Greece},
 pages = {73--85},
 numpages = {13},
 url = {http://doi.acm.org/10.1145/3281411.3281421},
 doi = {10.1145/3281411.3281421},
 acmid = {3281421},
 publisher = {ACM},
 address = {New York, NY, USA},
 keywords = {P4, programmable data planes, verification},
} 

@inproceedings{Notzli:2018:PAT:3185467.3185497,
 author = {N\"{o}tzli, Andres and Khan, Jehandad and Fingerhut, Andy and Barrett, Clark and Athanas, Peter},
 title = {P4Pktgen: Automated Test Case Generation for P4 Programs},
 booktitle = {Proceedings of the Symposium on SDN Research},
 series = {SOSR '18},
 year = {2018},
 isbn = {978-1-4503-5664-0},
 location = {Los Angeles, CA, USA},
 pages = {5:1--5:7},
 articleno = {5},
 numpages = {7},
 url = {http://doi.acm.org/10.1145/3185467.3185497},
 doi = {10.1145/3185467.3185497},
 acmid = {3185497},
 publisher = {ACM},
 address = {New York, NY, USA},
} 